@BOOK{typo,
  LOCATION = {Paris},
  PUBLISHER = {L'Imprimerie nationale},
  DATE = {2002},
  ISBN = {2-7433-0482-0},
  TITLE = {Lexique des règles typographiques en usage à l'Imprimerie nationale},
}

@ONLINE{knuthwebsite,
  AUTHOR = {Knuth, Donald},
  URL = {http://www-cs-faculty.stanford.edu/~uno/abcde.html},
  ADDENDUM = {(accessed: 01.09.2016)},
  KEYWORDS = {latex,knuth},
  TITLE = {Knuth: Computers and Typesetting},
}

@ARTICLE{einstein,
  AUTHOR = {Einstein, Albert},
  DATE = {1905},
  DOI = {http://dx.doi.org/10.1002/andp.19053221004},
  JOURNALTITLE = {Annalen der Physik},
  KEYWORDS = {physics},
  NUMBER = {10},
  PAGES = {891--921},
  TITLE = {{Zur Elektrodynamik bewegter Körper}. ({German}) [{On} the electrodynamics of moving bodies]},
  VOLUME = {322},
}

@BOOK{dirac,
  AUTHOR = {Dirac, Paul Adrien Maurice},
  PUBLISHER = {Clarendon Press},
  DATE = {1981},
  ISBN = {9780198520115},
  KEYWORDS = {physics},
  SERIES = {International series of monographs on physics},
  TITLE = {The Principles of Quantum Mechanics},
}

@ONLINE{PythonSDK,
  AUTHOR = {Ufactory},
  URL = {https://github.com/xArm-Developer/xArm-Python-SDK?utm_source=officialwebsite&utm_medium=banner&utm_campaign=none},
  ADDENDUM = {(accessed: 20.02.2025)},
  KEYWORDS = {Python,SDK,robot},
  TITLE = {Python SDK for UFACTORY robots, 850, xArm5/6/7, and Lite6.},
}

